@article{Article1,
  author  = {Kruesi, L.},
  journal = {Astronomy},
  title   = {{Aurorae are not mirror images}},
  volume  = {37 (11)},
  year    = {2009}
}
@article{Article2,
  author  = {Александров, Н. Л.},
  journal = {Соросовский образовательный журнал},
  title   = {{Полярные сияния}},
  volume  = {7 (5)},
  year    = {2001}
}
@article{Article3,
  author  = {Булат, В. Л.},
  journal = {Просвещение},
  title   = {{Оптические явления в природе}},
  year    = {1974}
}
@article{Article4,
  author  = {Зверева, С. В.},
  journal = {Гидрометеоиздат},
  title   = {{В мире солнечного света}},
  year    = {1988}
}
@article{Article5,
  author  = {Исаев, С. И.},
  journal = {Книж. изд-во},
  title   = {{Полярные сияния}},
  year    = {1980}
}
@article{Article6,
  author  = {Мизун, Ю. Г.},
  journal = {Наука},
  title   = {{Полярные сияния}},
  year    = {1983}
}
@article{Article7,
  author  = {Мишин, Р. et al.},
  journal = {Гидрометеоиздат},
  title   = {{Взаимодействие электронных потоков с ионосферной плазмой}},
  year    = {1989}
}
