}
@article{Kruesi,
author = {Kruesi, L},
title = {{Aurorae are not mirror images.}},
journal = {Astronomy, 37 (11)},
year = {2009}
}
@article{Alexandrov,
author = {Александров, Н.Л.},
title = {{Aurorae are not mirror images.}},
journal = {Astronomy, 37 (11)},
year = {2001}
}
@article{Bulat,
author = {Булат, В.Л.},
title = {{Aurorae are not mirror images.}},
journal = {Astronomy, 37 (11)},
year = {1974}
}
@article{Zvereva,
author = {Зверева, С.В.},
title = {{Aurorae are not mirror images.}},
journal = {Astronomy, 37 (11)},
year = {1988}
}
@article{Isaev,
author = {Исаев, С.И.},
title = {{Aurorae are not mirror images.}},
journal = {Astronomy, 37 (11)},
year = {1980}
}
@article{Mizun,
author = {Мизун, Ю.Г.},
title = {{Aurorae are not mirror images.}},
journal = {Astronomy, 37 (11)},
year = {1983}
}
@article{Mishin,
author = {Мишин, Р. et. al.},
title = {{Aurorae are not mirror images.}},
journal = {Astronomy, 37 (11)},
year = {1989}
}
